<record xmlns="http://www.loc.gov/MARC21/slim" xmlns:xsi="http://www.w3.org/2001/XMLSchema-instance" xsi:schemaLocation="http://www.loc.gov/MARC21/slim http://www.loc.gov/standards/marcxml/schema/MARC21slim.xsd"><leader>     nam a22        4500</leader><controlfield tag="001">3080533</controlfield><controlfield tag="003">NNC</controlfield><controlfield tag="006">m        d        </controlfield><controlfield tag="007">cr cn |||m|||a</controlfield><controlfield tag="008">150313q18871888tu      o     000 0 ara d</controlfield><datafield ind1=" " ind2=" " tag="040"><subfield code="a">NNU</subfield><subfield code="b">eng</subfield><subfield code="e">rda</subfield><subfield code="c">NNU</subfield></datafield><datafield ind1="1" ind2=" " tag="100"><subfield code="a">Tafta&#772;za&#772;ni&#772;, Mas&#699;u&#772;d ibn &#699;Umar,</subfield><subfield code="d">1322-1389?</subfield></datafield><datafield ind1="1" ind2="0" tag="245"><subfield code="6">880-01</subfield><subfield code="a">Sharh&#803; al-Maqa&#772;s&#803;id :</subfield><subfield code="b">Maqa&#772;s&#803;id fi&#772; &#699;ilm al-kala&#772;m ... /</subfield><subfield code="c">[li Sa&#699;d-al-Di&#772;n &#699;Umar al-Tafta&#772;za&#772;ni&#772;]. Wa-&#699;alayhi h&#803;a&#772;shiyah ... [li-] &#699;Ali&#772; al-Qa&#772;ri&#772; ; wa-&#699;alayhi h&#803;a&#772;shiyah ... [li-] Ilya&#772;s ibn Ibra&#772;hi&#772;m al-Si&#772;na&#772;bi&#772; ; wa-&#699;alayhi ta&#699;li&#772;quhu li- ... Ah&#803;mad ibn Mu&#772;sa&#769; al-Khayya&#772;l ; wa-H&#803;usa&#772;m za&#772;dah kataba h&#803;a&#772;shiyah &#699;alayhi ... wa-ikhtas&#803;arahu ... Muh&#803;ammad ibn Muh&#803;ammad al-I&#772;ji&#772; sama&#772;hu Maqas&#803;id al-Maqas&#803;id.</subfield></datafield><datafield ind1=" " ind2=" " tag="260"><subfield code="6">880-02</subfield><subfield code="a">[Ista&#772;nbu&#772;l] :</subfield><subfield code="b">al-H&#803;a&#772;jj Muh&#803;arram Efendi al-Bu&#772;snawi&#772;,</subfield><subfield code="c">[1305, i.e., 1887 or 1888]</subfield></datafield><datafield ind1=" " ind2=" " tag="300"><subfield code="a">online resource (2 volumes in 1.)</subfield></datafield><datafield ind1=" " ind2=" " tag="336"><subfield code="a">text</subfield><subfield code="2">rdacontent</subfield></datafield><datafield ind1=" " ind2=" " tag="337"><subfield code="a">computer</subfield><subfield code="2">rdamedia</subfield></datafield><datafield ind1=" " ind2=" " tag="338"><subfield code="a">online resource</subfield><subfield code="2">rdacarrier</subfield></datafield><datafield ind1=" " ind2=" " tag="500"><subfield code="a">In colophon (v. 2, p. 311) title is given as: Sharh&#803; Maqa&#772;s&#803;id al-t&#803;a&#772;libi&#772;n fi&#772; &#699;ilm us&#803;u&#772;l &#699;aqa&#772;&#700;id al-di&#772;n.</subfield></datafield><datafield ind1=" " ind2=" " tag="500"><subfield code="a">Part of the Arabic Collections Online (ACO) project, contributed by Columbia University Libraries.</subfield></datafield><datafield ind1=" " ind2=" " tag="533"><subfield code="a">Electronic reproduction.</subfield><subfield code="b">New York, N.Y. :</subfield><subfield code="c">New York University,</subfield><subfield code="d">2015.</subfield><subfield code="5">NNU</subfield></datafield><datafield ind1="1" ind2="0" tag="600"><subfield code="6">880-03</subfield><subfield code="a">Tafta&#772;za&#772;ni&#772;, Mas&#699;u&#772;d ibn &#699;Umar,</subfield><subfield code="d">1322-1389?</subfield><subfield code="t">Maqa&#772;s&#803;id al-t&#803;a&#772;libi&#772;n fi&#772; us&#803;u&#772;l al-di&#772;n.</subfield></datafield><datafield ind1=" " ind2="0" tag="650"><subfield code="a">Islam</subfield><subfield code="x">Doctrines</subfield><subfield code="v">Early works to 1800.</subfield></datafield><datafield ind1="0" ind2="7" tag="630"><subfield code="a">Maqa&#772;s&#803;id al-t&#803;a&#772;libi&#772;n fi&#772; us&#803;u&#772;l al-di&#772;n (Tafta&#772;za&#772;ni&#772;, Mas&#699;u&#772;d ibn &#699;Umar)</subfield><subfield code="2">fast</subfield><subfield code="0">(OCoLC)fst01374685</subfield></datafield><datafield ind1=" " ind2="7" tag="650"><subfield code="a">Islam</subfield><subfield code="x">Doctrines.</subfield><subfield code="2">fast</subfield><subfield code="0">(OCoLC)fst00979787</subfield></datafield><datafield ind1=" " ind2="7" tag="655"><subfield code="a">Early works.</subfield><subfield code="2">fast</subfield><subfield code="0">(OCoLC)fst01411636</subfield></datafield><datafield ind1="1" ind2=" " tag="700"><subfield code="6">880-04</subfield><subfield code="a">Qa&#772;ri&#772; al-Harawi&#772;, &#699;Ali&#772; ibn Sult&#803;a&#772;n Muh&#803;ammad,</subfield><subfield code="d">-1605 or 1606.</subfield></datafield><datafield ind1="1" ind2=" " tag="700"><subfield code="6">880-05</subfield><subfield code="a">Si&#772;na&#772;bi&#772;, Ilya&#772;s ibn Ibra&#772;hi&#772;m.</subfield></datafield><datafield ind1="1" ind2=" " tag="700"><subfield code="6">880-06</subfield><subfield code="a">Khayya&#772;l, Muh&#803;ammad ibn Mu&#772;sa&#769;</subfield></datafield><datafield ind1="1" ind2=" " tag="700"><subfield code="6">880-07</subfield><subfield code="a">I&#772;ji&#772;, Muh&#803;ammad ibn Muh&#803;ammad.</subfield><subfield code="t">Maqas&#803;id al-Maqas&#803;id.</subfield></datafield><datafield ind1="2" ind2=" " tag="710"><subfield code="a">Columbia University.</subfield><subfield code="b">Libraries.</subfield></datafield><datafield ind1="0" ind2=" " tag="730"><subfield code="a">Arabic Collections Online.</subfield></datafield><datafield ind1="0" ind2=" " tag="740"><subfield code="6">880-08</subfield><subfield code="a">Sharh&#803; Maqa&#772;s&#803;id al-t&#803;a&#772;libi&#772;n fi&#772; &#699;ilm us&#803;u&#772;l &#699;aqa&#772;&#700;id al-di&#772;n.</subfield></datafield><datafield ind1="0" ind2="8" tag="776"><subfield code="i">Print version:</subfield><subfield code="a">Tafta&#772;za&#772;ni&#772;, Mas&#699;u&#772;d ibn &#699;Umar, 1322-1389?</subfield><subfield code="t">Sharh&#803; al-Maqa&#772;s&#803;id</subfield><subfield code="w">(NNC)3080533</subfield><subfield code="w">(OCoLC)47924196</subfield></datafield><datafield ind1="4" ind2="0" tag="856"><subfield code="u">http://hdl.handle.net/2333.1/2jm6414q</subfield></datafield><datafield ind1="1" ind2="0" tag="880"><subfield code="6">245-01/r</subfield><subfield code="a">&#1588;&#1585;&#1581; &#1575;&#1604;&#1605;&#1602;&#1575;&#1589;&#1583; :</subfield><subfield code="b">&#1605;&#1602;&#1575;&#1589;&#1583; &#1601;&#1610; &#1593;&#1604;&#1605; &#1575;&#1604;&#1603;&#1604;&#1575;&#1605; ... /</subfield><subfield code="c">[&#1604; &#1587;&#1593;&#1583;&#1575;&#1604;&#1583;&#1610;&#1606; &#1593;&#1605;&#1585; &#1575;&#1604;&#1578;&#1601;&#1578;&#1575;&#1586;&#1575;&#1606;&#1610;]. &#1608;&#1593;&#1604;&#1610;&#1607; &#1581;&#1575;&#1588;&#1610;&#1577; ... [&#1604;] &#1593;&#1604;&#1610; &#1575;&#1604;&#1602;&#1575;&#1585;&#1610; &#1563; &#1608;&#1593;&#1604;&#1610;&#1607; &#1581;&#1575;&#1588;&#1610;&#1577; ... [&#1604;] &#1575;&#1604;&#1610;&#1575;&#1587; &#1576;&#1606; &#1575;&#1576;&#1585;&#1575;&#1607;&#1610;&#1605; &#1575;&#1604;&#1587;&#1610;&#1606;&#1575;&#1576;&#1610; &#1563; &#1608;&#1593;&#1604;&#1610;&#1607; &#1578;&#1593;&#1604;&#1610;&#1602;&#1607; &#1604; ... &#1575;&#1581;&#1605;&#1583; &#1576;&#1606; &#1605;&#1608;&#1587;&#1609; &#1575;&#1604;&#1582;&#1610;&#1575;&#1604; &#1563; &#1608;&#1581;&#1587;&#1575;&#1605; &#1586;&#1575;&#1583;&#1577; &#1603;&#1578;&#1576; &#1581;&#1575;&#1588;&#1610;&#1577; &#1593;&#1604;&#1610;&#1607; ... &#1608;&#1575;&#1582;&#1578;&#1589;&#1585;&#1607; ... &#1605;&#1581;&#1605;&#1583; &#1576;&#1606; &#1605;&#1581;&#1605;&#1583; &#1575;&#1604;&#1575;&#1580;&#1610; &#1587;&#1605;&#1575;&#1607; &#1605;&#1602;&#1589;&#1583; &#1575;&#1604;&#1605;&#1602;&#1589;&#1583;.</subfield></datafield><datafield ind1=" " ind2=" " tag="880"><subfield code="6">260-02/r</subfield><subfield code="a">[&#1575;&#1587;&#1578;&#1575;&#1606;&#1576;&#1608;&#1604;] :</subfield><subfield code="b">&#1575;&#1604;&#1581;&#1575;&#1580; &#1605;&#1581;&#1585;&#1605; &#1589;&#1601;&#1606;&#1583; &#1575;&#1604;&#1576;&#1608;&#1587;&#1606;&#1608;&#1610;&#1548; [1305, i.e., 1887 or 1888.</subfield></datafield><datafield ind1="1" ind2="4" tag="880"><subfield code="6">600-03/r</subfield><subfield code="a">&#1578;&#1601;&#1578;&#1575;&#1586;&#1575;&#1606;&#1610;&#1548; &#1605;&#1587;&#1593;&#1608;&#1583; &#1576;&#1606; &#1593;&#1605;&#1585;&#1548;,</subfield><subfield code="d">13221389&#1567;.</subfield><subfield code="t">&#1605;&#1602;&#1589;&#1583; &#1575;&#1604;&#1591;&#1575;&#1604;&#1610;&#1606; &#1601;&#1610; &#1575;&#1589;&#1608;&#1604; &#1575;&#1604;&#1583;&#1610;&#1606;.</subfield></datafield><datafield ind1="1" ind2=" " tag="880"><subfield code="6">700-04/r</subfield><subfield code="a">&#1602;&#1575;&#1585;&#1610; &#1575;&#1604;&#1607;&#1585;&#1608;&#1610;&#1548; &#1593;&#1604;&#1610; &#1576;&#1606; &#1587;&#1604;&#1591;&#1575;&#1606; &#1605;&#1581;&#1605;&#1583;,</subfield><subfield code="d">-1605 or 1606.</subfield></datafield><datafield ind1="1" ind2=" " tag="880"><subfield code="6">700-05/r</subfield><subfield code="a">&#1587;&#1610;&#1606;&#1575;&#1576;&#1610;&#1548; &#1575;&#1604;&#1610;&#1575;&#1587; &#1576;&#1606; &#1575;&#1576;&#1585;&#1575;&#1607;&#1610;&#1605;.</subfield></datafield><datafield ind1="1" ind2=" " tag="880"><subfield code="6">700-06/r</subfield><subfield code="a">&#1582;&#1610;&#1575;&#1604;&#1548; &#1605;&#1581;&#1605;&#1583; &#1576;&#1606; &#1605;&#1608;&#1587;&#1609;.</subfield></datafield><datafield ind1="1" ind2=" " tag="880"><subfield code="6">700-07/r</subfield><subfield code="a">&#1575;&#1610;&#1580;&#1610;&#1548; &#1605;&#1581;&#1605;&#1583; &#1576;&#1606; &#1605;&#1581;&#1605;&#1583;.</subfield><subfield code="t">&#1605;&#1602;&#1589;&#1583; &#1575;&#1604;&#1605;&#1602;&#1589;&#1583;.</subfield></datafield><datafield ind1="0" ind2=" " tag="880"><subfield code="6">740-08/r</subfield><subfield code="a">&#1588;&#1585;&#1581; &#1605;&#1602;&#1575;&#1589;&#1583; &#1575;&#1604;&#1591;&#1575;&#1604;&#1610;&#1606; &#1601;&#1610; &#1593;&#1604;&#1605; &#1575;&#1589;&#1608;&#1604; &#1593;&#1602;&#1575;&#1574;&#1583; &#1575;&#1604;&#1583;&#1610;&#1606;.</subfield></datafield><datafield ind1=" " ind2=" " tag="959"><subfield code="a">NNU</subfield><subfield code="b">WEB</subfield><subfield code="c">GENI</subfield><subfield code="t">0</subfield><subfield code="m">Electronic access</subfield><subfield code="s">01</subfield></datafield><datafield ind1=" " ind2=" " tag="999"><subfield code="i">NNC_3080533</subfield><subfield code="o">(OCoLC)ocm47924196 </subfield><subfield code="s">columbia_aco000419</subfield><subfield code="e">(ERROR-880)</subfield></datafield></record>